%% This BibTeX bibliography file was created using BibDesk.
%% http://bibdesk.sourceforge.net/


%% Created for Jomi Hubner at 2017-11-13 10:59:14 -0200 


%% Saved with string encoding Western (Windows Latin 1) 

@Article{Sardina2011,
author="Sardina, Sebastian
and Padgham, Lin",
title="A BDI agent programming language with failure handling, declarative goals, and planning",
journal="Autonomous Agents and Multi-Agent Systems",
year="2011",
month="Jul",
day="01",
volume="23",
number="1",
pages="18--70",
}

@INPROCEEDINGS{5285116, 
author={M. Dastani and B. Steunebrink}, 
booktitle={2009 IEEE/WIC/ACM International Joint Conference on Web Intelligence and Intelligent Agent Technology}, 
title={Modularity in BDI-Based Multi-agent Programming Languages}, 
year={2009}, 
volume={2}, 
number={}, 
pages={581-584}, 
keywords={Computer languages;Conferences;Encapsulation;Intelligent agent;Lifting equipment;Multiagent systems;Paper technology;Programming profession;Proposals;Terminology;BDI Programming Languages;Modularity;Multi-Agent Programming Language;Multi-Agent Systems}, 
doi={10.1109/WI-IAT.2009.214}, 
ISSN={}, 
month={Sept},}


@inproceedings{Novak:2006:MBA:1160633.1160814,
 author = {Nov\'{a}k, Peter and Dix, J\"{u}rgen},
 title = {Modular BDI Architecture},
 booktitle = {Proceedings of the Fifth International Joint Conference on Autonomous Agents and Multiagent Systems},
 series = {AAMAS '06},
 year = {2006},
 isbn = {1-59593-303-4},
 location = {Hakodate, Japan},
 pages = {1009--1015},
 numpages = {7},
 url = {http://doi.acm.org/10.1145/1160633.1160814},
 doi = {10.1145/1160633.1160814},
 acmid = {1160814},
 publisher = {ACM},
 address = {New York, NY, USA},
 keywords = {BDI architecture, agent and multiagent architectures, agent programming languages, frameworks, infrastructures and environments for agent systems},
} 

@Inbook{Busetta2000,
author="Busetta, Paolo and Howden, Nicholas and R{\"o}nnquist, Ralph and Hodgson, Andrew",
editor="Jennings, Nicholas R. and Lesp{\'e}rance, Yves",
title="Structuring BDI Agents in Functional Clusters",
bookTitle="Intelligent Agents VI. Agent Theories, Architectures, and Languages: 6th International Workshop, ATAL'99, Orlando, Florida, USA, July 15-17, 1999. Proceedings",
year="2000",
publisher="Springer Berlin Heidelberg",
address="Berlin, Heidelberg",
pages="277--289",
}




@Inbook{Ortiz-Hernandez2016,
author="Ortiz-Hern{\'a}ndez, Gustavo and H{\"u}bner, Jomi Fred and Bordini, Rafael H. and Guerra-Hern{\'a}ndez, Alejandro and Hoyos-Rivera, Guillermo J. and Cruz-Ram{\'i}rez, Nicandro",
editor="Baldoni, Matteo and M{\"u}ller, J{\"o}rg P. and Nunes, Ingrid and Zalila-Wenkstern, Rym",
title="A Namespace Approach for Modularity in BDI Programming Languages",
bookTitle="Engineering Multi-Agent Systems: 4th International Workshop, EMAS 2016, Singapore, Singapore, May 9-10, 2016, Revised, Selected, and Invited Papers",
year="2016",
publisher="Springer International Publishing",
address="Cham",
pages="117--135",
}

@inproceedings{vanRiemsdijk:2006:GMA:1160633.1160864,
 author = {van Riemsdijk, M. Birna and Dastani, Mehdi and Meyer, John-Jules Ch. and de Boer, Frank S.},
 title = {Goal-oriented Modularity in Agent Programming},
 booktitle = {Proceedings of the Fifth International Joint Conference on Autonomous Agents and Multiagent Systems},
 series = {AAMAS '06},
 year = {2006},
 isbn = {1-59593-303-4},
 location = {Hakodate, Japan},
 pages = {1271--1278},
 numpages = {8},
 publisher = {ACM},
 address = {New York, NY, USA},
 keywords = {agent programming languages, declarative goals, modularity, semantics},
}

@Inbook{Hindriks2008,
author="Hindriks, Koen",
editor="Dastani, Mehdi and El Fallah Seghrouchni, Amal and Ricci, Alessandro
and Winikoff, Michael",
title="Modules as Policy-Based Intentions: Modular Agent Programming in GOAL",
bookTitle="Programming Multi-Agent Systems: 5th International Workshop, ProMAS 2007 Honolulu, HI, USA, May 15, 2007 Revised and Invited Papers",
year="2008",
publisher="Springer Berlin Heidelberg",
address="Berlin, Heidelberg",
pages="156--171",
}



%%%%%


@inproceedings{hubner:06b,
	Author = {Jomi Fred H{\"u}bner and Rafael H. Bordini and Michael Wooldridge},
	Booktitle = {Proceedings of the Fourth International Workshop on Declarative Agent Languages and Technologies ({DALT} 2006), held with AAMAS 2006, 8th May, Hakodate, Japan},
	Date-Added = {2017-11-13 12:48:54 +0000},
	Date-Modified = {2017-11-13 12:48:54 +0000},
	Doi = {10.1007/11961536_9},
	Editor = {Matteo Baldoni and Ulle Endriss},
	Isbn = {3-540-68959-1},
	Issn = {0302-9743},
	Pages = {123-140},
	Publisher = {Springer},
	Series = {LNCS},
	Title = {Programming Declarative Goals Using Plan Patterns},
	Url-Slides = {http://www.das.ufsc.br/~jomi/pubs/2006/Hubner-dalt06-slides.pdf},
	Volume = {4327},
	Year = {2006},
	Bdsk-Url-1 = {http://dx.doi.org/10.1007/11961536_9}}

@article{cohen:90,
	Author = {Philip R. Cohen and Hector J. Levesque},
	Date-Added = {2017-11-13 12:48:28 +0000},
	Date-Modified = {2017-11-13 12:48:28 +0000},
	Journal = {Artificial Intelligence},
	Pages = {213--261},
	Title = {Intention is choice with commitment},
	Volume = 42,
	Year = 1990}

@inproceedings{winikoff:02,
	Author = {Michael Winikoff and Lin Padgham and James Harland and John Thangarajah},
	Booktitle = {Proceedings of the Eighth International Conference on Principles of Knowledge Representation and Reasoning},
	Date-Added = {2017-11-13 12:48:02 +0000},
	Date-Modified = {2017-11-13 12:48:02 +0000},
	Title = {Declarative and Procedural Goals in Intelligent Agent Systems},
	Year = 2002}

@inproceedings{Rao96,
	Author = {Anand S. Rao},
	Booktitle = {Agents Breaking Away, 7th European Workshop on Modelling Autonomous Agents in a Multi-Agent World, Eindhoven, The Netherlands, January 22-25, 1996, Proceedings},
	Editor = {Walter Van de Velde and John W. Perram},
	Pages = {42--55},
	Publisher = {Springer},
	Series = {Lecture Notes in Computer Science},
	Title = {AgentSpeak(L): {BDI} Agents Speak Out in a Logical Computable Language},
	Volume = {1038},
	Year = {1996}}

@article{Ingrand:1992:ARR:629535.629890,
	Acmid = {629890},
	Address = {Piscataway, NJ, USA},
	Author = {Ingrand, Francois F. and Georgeff, Michael P. and Rao, Anand S.},
	Doi = {10.1109/64.180407},
	Issn = {0885-9000},
	Issue_Date = {December 1992},
	Journal = {IEEE Expert: Intelligent Systems and Their Applications},
	Month = dec,
	Number = {6},
	Numpages = {11},
	Pages = {34--44},
	Publisher = {IEEE Educational Activities Department},
	Title = {An Architecture for Real-Time Reasoning and System Control},
	Url = {http://dx.doi.org/10.1109/64.180407},
	Volume = {7},
	Year = {1992},
	Bdsk-Url-1 = {http://dx.doi.org/10.1109/64.180407}}

@article{Bratman88,
	Author = {Michael E. Bratman and David J. Israel and Martha E. Pollack},
	Bibsource = {dblp computer science bibliography, http://dblp.org},
	Biburl = {http://dblp.uni-trier.de/rec/bib/journals/ci/BratmanIP88},
	Doi = {10.1111/j.1467-8640.1988.tb00284.x},
	Journal = {Computational Intelligence},
	Pages = {349--355},
	Timestamp = {Sat, 14 Apr 2012 16:35:12 +0200},
	Title = {Plans and resource-bounded practical reasoning},
	Url = {http://dx.doi.org/10.1111/j.1467-8640.1988.tb00284.x},
	Volume = {4},
	Year = {1988},
	Bdsk-Url-1 = {http://dx.doi.org/10.1111/j.1467-8640.1988.tb00284.x}}

@inproceedings{Georgeff:1987:RRP:1863766.1863818,
	Acmid = {1863818},
	Author = {Georgeff, Michael P. and Lansky, Amy L.},
	Booktitle = {Proceedings of the Sixth National Conference on Artificial Intelligence - Volume 2},
	Isbn = {0-934613-42-7},
	Location = {Seattle, Washington},
	Numpages = {6},
	Pages = {677--682},
	Publisher = {AAAI Press},
	Series = {AAAI'87},
	Title = {Reactive Reasoning and Planning},
	Url = {http://dl.acm.org/citation.cfm?id=1863766.1863818},
	Year = {1987},
	Bdsk-Url-1 = {http://dl.acm.org/citation.cfm?id=1863766.1863818}}

@article{boissier2013multi,
  title={Multi-agent oriented programming with {JaCaMo}},
  author={Boissier, Olivier and Bordini, Rafael H and H{\"u}bner, Jomi F and Ricci, Alessandro and Santi, Andrea},
  journal={Science of Computer Programming},
  volume={78},
  number={6},
  pages={747--761},
  year={2013},
  publisher={Elsevier}
}

@inproceedings{DBLP:conf/atal/LoganTY17,
	Author = {Brian Logan and John Thangarajah and Neil Yorke{-}Smith},
	Booktitle = {{AAMAS}},
	Pages = {768--772},
	Publisher = {{ACM}},
	Title = {Progressing Intention Progression: {A} Call for a Goal-Plan Tree Contest},
	Year = {2017}}

@incollection{jason06,
	Author = {Bordini, Rafael and H\"ubner, Jomi},
	Booktitle = {CLIMA VI},
	Editor = {Toni, Francesca and Torroni, Paolo},
	Month = mar,
	Pages = {143--164},
	Publisher = {Springer},
	Series = {LNAI},
	Title = {{BDI} Agent Programming in {AgentSpeak} Using {Jason}},
	Volume = {3900},
	Year = {2006}}

@book{bordini:07,
	Author = {Rafael H. Bordini and Jomi Fred H\"ubner and Michael Wooldrige},
	Doi = {10.1002/9780470061848},
	Publisher = {John Wiley \& Sons},
	Series = {Wiley Series in Agent Technology},
	Title = {Programming Multi-Agent Systems in AgentSpeak using \textit{Jason}},
	Url = {http://jason.sf.net/jBook},
	Year = {2007},
	Bdsk-Url-1 = {http://jason.sf.net/jBook},
	Bdsk-Url-2 = {http://dx.doi.org/10.1002/9780470061848}}

@inproceedings{DBLP:conf/prima/CollierRL15,
	Author = {Rem W. Collier and Sean Edward Russell and David Lillis},
	Booktitle = {{PRIMA} 2015: Principles and Practice of Multi-Agent Systems - 18th International Conference, Bertinoro, Italy, October 26-30, 2015, Proceedings},
	Editor = {Qingliang Chen and Paolo Torroni and Serena Villata and Jane Yung{-}jen Hsu and Andrea Omicini},
	Pages = {351--366},
	Publisher = {Springer},
	Series = {Lecture Notes in Computer Science},
	Title = {Reflecting on Agent Programming with AgentSpeak(L)},
	Volume = {9387},
	Year = {2015}}

@inproceedings{Vikhorev:2011:APP:2030470.2030529,
	Acmid = {2030529},
	Address = {Richland, SC},
	Author = {Vikhorev, Konstantin and Alechina, Natasha and Logan, Brian},
	Booktitle = {The 10th International Conference on Autonomous Agents and Multiagent Systems - Volume 1},
	Isbn = {0-9826571-5-3, 978-0-9826571-5-7},
	Keywords = {agent programming languages, belief desire and intention logics, complexity of reasoning},
	Location = {Taipei, Taiwan},
	Numpages = {8},
	Pages = {397--404},
	Publisher = {International Foundation for Autonomous Agents and Multiagent Systems},
	Series = {AAMAS '11},
	Title = {Agent Programming with Priorities and Deadlines},
	Url = {http://dl.acm.org/citation.cfm?id=2030470.2030529},
	Year = {2011},
	Bdsk-Url-1 = {http://dl.acm.org/citation.cfm?id=2030470.2030529}}

@inbook{Madden2010,
	Address = {Berlin, Heidelberg},
	Author = {Madden, Neil and Logan, Brian},
	Booktitle = {Programming Multi-Agent Systems: 7th International Workshop, ProMAS 2009, Budapest, Hungary, May 10-15, 2009. Revised Selected Papers},
	Editor = {Braubach, Lars and Briot, Jean-Pierre and Thangarajah, John},
	Pages = {237--253},
	Publisher = {Springer Berlin Heidelberg},
	Title = {Modularity and Compositionality in Jason},
	Year = {2010}}

@inbook{Nunes2014,
	Address = {Cham},
	Author = {Nunes, Ingrid},
	Booktitle = {Engineering Multi-Agent Systems: Second International Workshop, EMAS 2014, Paris, France, May 5-6, 2014, Revised Selected Papers},
	Editor = {Dalpiaz, Fabiano and Dix, J{\"u}rgen and van Riemsdijk, M. Birna},
	Pages = {58--80},
	Publisher = {Springer International Publishing},
	Title = {Improving the Design and Modularity of BDI Agents with Capability Relationships},
	Year = {2014}}

@book{BordiniMAPlpa,
	Editor = {Bordini, Rafael H. and Dastani, Mehdi and Dix, J{\"u}rgen and El Fallah Seghrouchni, Amal},
	Number = 15,
	Publisher = {Springer},
	Series = {Multiagent Systems, Artificial Societies, and Simulated Organizations},
	Title = {Multi-Agent Programming: Languages, Platforms and Applications},
	Year = 2005}

@book{BordiniMAPlta,
	Editor = {Bordini, Rafael H. and Dastani, Mehdi and Dix, J{\"u}rgen and El Fallah Seghrouchni, Amal},
	Publisher = {Springer},
	Title = {Multi-Agent Programming: Languages, Tools and Applications},
	Year = 2009}

@article{moro2004minority,
	Author = {Moro, Esteban},
	Journal = {arXiv preprint cond-mat/0402651},
	Title = {The minority game: an introductory guide},
	Year = {2004}}

@inproceedings{DBLP:conf/kr/WinikoffPHT02,
  author    = {Michael Winikoff and
               Lin Padgham and
               James Harland and
               John Thangarajah},
  title     = {Declarative {\&} Procedural Goals in Intelligent Agent Systems},
  booktitle = {Proceedings of the Eights International Conference on Principles and
               Knowledge Representation and Reasoning (KR-02), Toulouse, France,
               April 22-25, 2002},
  pages     = {470--481},
  year      = {2002},
  crossref  = {DBLP:conf/kr/2002},
  timestamp = {Tue, 22 Jul 2003 15:58:10 +0200},
  biburl    = {http://dblp.org/rec/bib/conf/kr/WinikoffPHT02},
  bibsource = {dblp computer science bibliography, http://dblp.org}
}
@proceedings{DBLP:conf/kr/2002,
  editor    = {Dieter Fensel and
               Fausto Giunchiglia and
               Deborah L. McGuinness and
               Mary{-}Anne Williams},
  title     = {Proceedings of the Eights International Conference on Principles and
               Knowledge Representation and Reasoning (KR-02), Toulouse, France,
               April 22-25, 2002},
  publisher = {Morgan Kaufmann},
  year      = {2002},
  isbn      = {1-55860-554-1},
  timestamp = {Tue, 22 Jul 2003 15:20:23 +0200},
  biburl    = {http://dblp.org/rec/bib/conf/kr/2002},
  bibsource = {dblp computer science bibliography, http://dblp.org}
}

@inproceedings{DBLP:conf/promas/DennisFBFW07,
  author    = {Louise A. Dennis and
               Berndt Farwer and
               Rafael H. Bordini and
               Michael Fisher and
               Michael Wooldridge},
  title     = {A Common Semantic Basis for {BDI} Languages},
  booktitle = {Programming Multi-Agent Systems, 5th International Workshop, ProMAS
               2007, Honolulu, HI, USA, May 15, 2007, Revised and Invited Papers},
  pages     = {124--139},
  year      = {2007},
  crossref  = {DBLP:conf/promas/2007},
  url       = {https://doi.org/10.1007/978-3-540-79043-3_8},
  doi       = {10.1007/978-3-540-79043-3_8},
  timestamp = {Mon, 05 Jun 2017 12:41:20 +0200},
  biburl    = {http://dblp.org/rec/bib/conf/promas/DennisFBFW07},
  bibsource = {dblp computer science bibliography, http://dblp.org}
}
@proceedings{DBLP:conf/promas/2007,
  editor    = {Mehdi Dastani and
               Amal El Fallah{-}Seghrouchni and
               Alessandro Ricci and
               Michael Winikoff},
  title     = {Programming Multi-Agent Systems, 5th International Workshop, ProMAS
               2007, Honolulu, HI, USA, May 15, 2007, Revised and Invited Papers},
  series    = {Lecture Notes in Computer Science},
  volume    = {4908},
  publisher = {Springer},
  year      = {2008},
  url       = {https://doi.org/10.1007/978-3-540-79043-3},
  doi       = {10.1007/978-3-540-79043-3},
  isbn      = {978-3-540-79042-6},
  timestamp = {Fri, 02 Jun 2017 13:01:07 +0200},
  biburl    = {http://dblp.org/rec/bib/conf/promas/2007},
  bibsource = {dblp computer science bibliography, http://dblp.org}
}

@article{DBLP:journals/aamas/BordiniFVW06,
  author    = {Rafael H. Bordini and
               Michael Fisher and
               Willem Visser and
               Michael Wooldridge},
  title     = {Verifying Multi-agent Programs by Model Checking},
  journal   = {Autonomous Agents and Multi-Agent Systems},
  volume    = {12},
  number    = {2},
  pages     = {239--256},
  year      = {2006},
  url       = {https://doi.org/10.1007/s10458-006-5955-7},
  doi       = {10.1007/s10458-006-5955-7},
  timestamp = {Sat, 20 May 2017 00:23:00 +0200},
  biburl    = {http://dblp.org/rec/bib/journals/aamas/BordiniFVW06},
  bibsource = {dblp computer science bibliography, http://dblp.org}
}

@Article{Albrecht18,
  author = 	 {Tobias Ahlbrecht and Niklas Fiekas and J{\"{u}}rgen Dix },
  title = 	 {Multi-Agent Programming Contest 2016},
  journal = 	 {International Journal of Agent Oriented Software Engineering},
  year = 	 2018,
  note = 	 {To appear}
  }

@article{challet2013minority,
  title={Minority games: interacting agents in financial markets},
  author={Challet, Damien and Marsili, Matteo and Zhang, Yi-Cheng and others},
  journal={OUP Catalogue},
  year={2013},
  publisher={Oxford University Press}
}

@techreport{chmura2004minority,
  title={Minority game: Experiments and simulations of traffic scenarios},
  author={Chmura, Thorsten and Pitz, Thomas},
  year={2004},
  institution={Bonn econ discussion papers}
}